<collection xmlns="http://www.loc.gov/MARC21/slim">
   <record>
      <leader>01923cam a2200397 i 4500</leader>
      <controlfield tag="001">6769093</controlfield>
      <controlfield tag="003">OCoLC</controlfield>
      <controlfield tag="005">20141219083826.0</controlfield>
      <controlfield tag="008">140806s2015    nyuc     b    000 0 eng  </controlfield>
      <datafield ind1=" " ind2=" " tag="010">
         <subfield code="a">  2014026214</subfield>
      </datafield>
      <datafield ind1=" " ind2=" " tag="020">
         <subfield code="a">9780871408563 (hardcover)</subfield>
      </datafield>
      <datafield ind1=" " ind2=" " tag="020">
         <subfield code="a">0871408562 (hardcover)</subfield>
      </datafield>
      <datafield ind1=" " ind2=" " tag="035">
         <subfield code="a">ocn869770748</subfield>
      </datafield>
      <datafield ind1=" " ind2=" " tag="040">
         <subfield code="a">DLC</subfield>
         <subfield code="e">rda</subfield>
         <subfield code="b">eng</subfield>
         <subfield code="c">DLC</subfield>
         <subfield code="d">IG#</subfield>
         <subfield code="d">BTCTA</subfield>
         <subfield code="d">BDX</subfield>
         <subfield code="d">YDXCP</subfield>
         <subfield code="d">ZHB</subfield>
         <subfield code="d">CDX</subfield>
         <subfield code="d">UAB</subfield>
      </datafield>
      <datafield ind1="1" ind2=" " tag="041">
         <subfield code="a">eng</subfield>
         <subfield code="h">ger</subfield>
      </datafield>
      <datafield ind1="0" ind2="0" tag="050">
         <subfield code="a">PT2603.R397</subfield>
         <subfield code="b">A2 2015</subfield>
      </datafield>
      <datafield ind1="0" ind2="0" tag="082">
         <subfield code="a">831/.912</subfield>
         <subfield code="2">23</subfield>
      </datafield>
      <datafield ind1=" " ind2=" " tag="090">
         <subfield code="a">PT 2603 R29 A2 2015</subfield>
         <subfield code="b">AEU</subfield>
      </datafield>
      <datafield ind1="1" ind2=" " tag="100">
         <subfield code="a">Brecht, Bertolt,</subfield>
         <subfield code="d">1898-1956,</subfield>
         <subfield code="e">author.</subfield>
         <subfield code="0">http://id.loc.gov/authorities/names/n79018801</subfield>
         <subfield code="0">http://viaf.org/viaf/2467372</subfield>
      </datafield>
      <datafield ind1="1" ind2="0" tag="240">
         <subfield code="a">Poems.</subfield>
         <subfield code="k">Selections.</subfield>
         <subfield code="l">English</subfield>
      </datafield>
      <datafield ind1="1" ind2="0" tag="245">
         <subfield code="a">Love poems /</subfield>
         <subfield code="c">Bertolt Brecht ; translated by David Constantine and Tom Kuhn ; foreword by Barbara Brecht-Schall.</subfield>
      </datafield>
      <datafield ind1=" " ind2=" " tag="250">
         <subfield code="a">First edition.</subfield>
      </datafield>
      <datafield ind1=" " ind2="1" tag="264">
         <subfield code="a">New York :</subfield>
         <subfield code="b">Liveright Publishing Corporation, a division of W.W. Norton &amp; Company,</subfield>
         <subfield code="c">[2015]</subfield>
      </datafield>
      <datafield ind1=" " ind2=" " tag="300">
         <subfield code="a">xxi, 121 pages :</subfield>
         <subfield code="b">portrait ;</subfield>
         <subfield code="c">22 cm</subfield>
      </datafield>
      <datafield ind1=" " ind2=" " tag="336">
         <subfield code="a">text</subfield>
         <subfield code="2">rdacontent</subfield>
         <subfield code="0">http://id.loc.gov/vocabulary/contentTypes/txt</subfield>
      </datafield>
      <datafield ind1=" " ind2=" " tag="337">
         <subfield code="a">unmediated</subfield>
         <subfield code="2">rdamedia</subfield>
         <subfield code="0">http://id.loc.gov/vocabulary/mediaTypes/n</subfield>
      </datafield>
      <datafield ind1=" " ind2=" " tag="338">
         <subfield code="a">volume</subfield>
         <subfield code="2">rdacarrier</subfield>
         <subfield code="0">http://id.loc.gov/vocabulary/carriers/nc</subfield>
      </datafield>
      <datafield ind1=" " ind2=" " tag="504">
         <subfield code="a">Includes bibliographical references.</subfield>
      </datafield>
      <datafield ind1=" " ind2=" " tag="546">
         <subfield code="a">Translated from the German.</subfield>
      </datafield>
      <datafield ind1=" " ind2=" " tag="596">
         <subfield code="a">43</subfield>
      </datafield>
      <datafield ind1="1" ind2=" " tag="700">
         <subfield code="a">Constantine, David,</subfield>
         <subfield code="d">1944-</subfield>
         <subfield code="e">translator.</subfield>
         <subfield code="0">http://id.loc.gov/authorities/names/n83131052</subfield>
         <subfield code="0">http://viaf.org/viaf/92651574</subfield>
      </datafield>
      <datafield ind1="1" ind2=" " tag="700">
         <subfield code="a">Kuhn, Tom,</subfield>
         <subfield code="e">translator.</subfield>
         <subfield code="0">http://id.loc.gov/authorities/names/nr94007911</subfield>
         <subfield code="0">http://viaf.org/viaf/77171762</subfield>
      </datafield>
      <datafield ind1=" " ind2=" " tag="758">
         <subfield code="0">http://worldcat.org/entity/work/id/2070331774</subfield>
      </datafield>
      <datafield ind1="0" ind2=" " tag="787">
         <subfield code="n">OCLC Work Id</subfield>
         <subfield code="o">http://worldcat.org/entity/work/id/2070331774</subfield>
      </datafield>
      <datafield ind1=" " ind2=" " tag="949">
         <subfield code="a">PT 2603 R29 A2 2015</subfield>
         <subfield code="c">1</subfield>
         <subfield code="h">UAHS-B</subfield>
         <subfield code="i">0162035217106</subfield>
      </datafield>
      <datafield ind1=" " ind2=" " tag="926">
         <subfield code="a">PT 2603 R29 A2 2015</subfield>
         <subfield code="w">LC</subfield>
         <subfield code="c">1</subfield>
         <subfield code="i">0162035217106</subfield>
         <subfield code="d">9/30/2015</subfield>
         <subfield code="e">5/31/2015</subfield>
         <subfield code="l">ON_SHELF</subfield>
         <subfield code="m">UAHSS</subfield>
         <subfield code="n">4</subfield>
         <subfield code="p">$150.00</subfield>
         <subfield code="r">Y</subfield>
         <subfield code="s">Y</subfield>
         <subfield code="t">BOOK</subfield>
         <subfield code="u">1/9/2015</subfield>
      </datafield>
   </record>
</collection>
